%% This BibTeX bibliography file was created using BibDesk.
%% http://bibdesk.sourceforge.net/


@techreport{atc13,
	Address = {California},
	Author = {{Applied Technology Council}},
	Date-Modified = {2011-03-21 13:46:44 +0100},
	Institution = {Seismic Safety Commission, Applied Technology Council (\textsc{atc})},
	Keywords = {ATC},
	Owner = {oropeza},
	Timestamp = {2008.01.11},
	Title = {{E}arthquake damage evaluation data for {C}alifornia},
	Year = {1985}}

@incollection{shewchuk96b,
	author = {Jonathan Richard Shewchuk},
	title = {Triangle:  {E}ngineering a {2D} {Q}uality {M}esh {G}enerator and
	  {D}elaunay {T}riangulator},
	booktitle = {Applied Computational Geometry:  Towards Geometric Engineering},
	editor = {Ming C. Lin and Dinesh Manocha},
	series = {Lecture Notes in Computer Science},
	volume = 1148,
	publisher = {Springer-Verlag},
	pages = {203--222},
	month = may,
	year = 1996,
	note = {From the First ACM Workshop on Applied Computational Geometry}
	}

@techreport{opengl1,
	Author = {Mark J. Kilgard},
	Title = {Modern OpenGL Usage: Using Vertex Buffer Objects Well},
	Year = {2008}}

@book{aubert2006mathematical,
  title={Mathematical problems in image processing: partial differential equations and the calculus of variations},
  author={Aubert, Gilles and Kornprobst, Pierre},
  volume={147},
  year={2006},
  publisher={Springer}
}
@INPROCEEDINGS{nonrasterdata, 
	author={Peng Huang and Andersson, S.B.}, 
	booktitle={American Control Conference (ACC), 2011}, title={Generating images from non-raster data in AFM}, 
	year={2011}, 
	month={29 2011-july 1}, 
	volume={}, 
	number={}, 
	pages={2246 -2251}, 
	keywords={Accuracy;DNA;Imaging;Interpolation;Spatial resolution;Trajectory;atomic force microscopy;feedback;image representation;interpolation;mesh generation;AFM;Delaunay triangulation;Kriging spatial interpolation theory;atomic force microscopy;feedback control;image generation;image processing;image representation;non-raster method;non-trivial problem;visual feedback;}, 
	doi={}, 
	ISSN={0743-1619}
}
@website{opengllegacy,
	url ={http://www.opengl.org/wiki/Legacy_OpenGL},
	year={2012}
}